<?xml version="1.0" encoding="UTF-8"?>
<record xmlns="http://www.loc.gov/MARC21/slim" xmlns:xsi="http://www.w3.org/2001/XMLSchema-instance" xsi:schemaLocation="http://www.loc.gov/MARC21/slim http://www.loc.gov/standards/marcxml/schema/MARC21slim.xsd">
<leader>00000cam a22      a 4500</leader>
<controlfield tag="001">001679574</controlfield>
<controlfield tag="003">NNU</controlfield>
<controlfield tag="005">20150804160808.0</controlfield>
<controlfield tag="008">030527s1948    ua       b    000 0caraod</controlfield>
<datafield tag="035" ind1=" " ind2=" ">
<subfield code="a">(OCoLC)52315013</subfield>
</datafield>
<datafield tag="040" ind1=" " ind2=" ">
<subfield code="a">CGU</subfield>
<subfield code="b">eng</subfield>
<subfield code="c">CGU</subfield>
<subfield code="d">OCLCQ</subfield>
<subfield code="d">OCLCG</subfield>
<subfield code="d">NYP</subfield>
<subfield code="d">OCLCA</subfield>
<subfield code="d">HVL</subfield>
<subfield code="d">OCLCA</subfield>
<subfield code="d">OCLCQ</subfield>
<subfield code="d">OCLCF</subfield>
<subfield code="d">OCLCO</subfield>
</datafield>
<datafield tag="043" ind1=" " ind2=" ">
<subfield code="a">e-sp---</subfield>
</datafield>
<datafield tag="050" ind1=" " ind2="4">
<subfield code="a">KBP4.3</subfield>
<subfield code="b">.N83 1948</subfield>
</datafield>
<datafield tag="100" ind1="1" ind2=" ">
<subfield code="6">880-01</subfield>
<subfield code="a">Nubāhī, ʻAlī ibn ʻAbd Allāh,</subfield>
<subfield code="d">1313 or 1314-</subfield>
</datafield>
<datafield tag="245" ind1="1" ind2="0">
<subfield code="6">880-02</subfield>
<subfield code="a">Tārīkh quḍāt al-Andalus /</subfield>
<subfield code="c">allafahu Abū al-Ḥasan ibn ʻAbd Allāh ibn al-Ḥasan al-Nubāhī al-Māliqī al-Andalusī wa-sammāhu Kitāb al-Marqabah al-ʻulyā fiman yastaḥiqqu al-qaḍāʼ wa-al-futyā.</subfield>
</datafield>
<datafield tag="246" ind1="3" ind2="0">
<subfield code="6">880-03</subfield>
<subfield code="a">Kitāb al-Marqabah al-ʻulyā fī-man yastaḥiqqu al-qaḍāʼ wa-al-futyā</subfield>
</datafield>
<datafield tag="246" ind1="3" ind2=" ">
<subfield code="a">Histoire de juges d'Andalousie intitulée Kitab al-Markaba al-ʻUlya</subfield>
</datafield>
<datafield tag="260" ind1=" " ind2=" ">
<subfield code="6">880-04</subfield>
<subfield code="a">al-Qāhirah :</subfield>
<subfield code="b">Dār al-Kātib al-Miṣrī,</subfield>
<subfield code="c">1948.</subfield>
</datafield>
<datafield tag="300" ind1=" " ind2=" ">
<subfield code="a">[5] 10, 246, [v] x pages ;</subfield>
<subfield code="c">25 cm</subfield>
</datafield>
<datafield tag="336" ind1=" " ind2=" ">
<subfield code="a">text</subfield>
<subfield code="b">txt</subfield>
<subfield code="2">rdacontent</subfield>
</datafield>
<datafield tag="337" ind1=" " ind2=" ">
<subfield code="a">unmediated</subfield>
<subfield code="b">n</subfield>
<subfield code="2">rdamedia</subfield>
</datafield>
<datafield tag="338" ind1=" " ind2=" ">
<subfield code="a">volume</subfield>
<subfield code="b">nc</subfield>
<subfield code="2">rdacarrier</subfield>
</datafield>
<datafield tag="500" ind1=" " ind2=" ">
<subfield code="a">Added t.p.: Histoire de juges d'Andalousie intitulée Kitab al-Markaba al-ʻulya [par] Ibn al-Ḥasan al-Nubahī.</subfield>
</datafield>
<datafield tag="650" ind1=" " ind2="0">
<subfield code="a">Judges (Islamic law)</subfield>
</datafield>
<datafield tag="650" ind1=" " ind2="0">
<subfield code="a">Judges</subfield>
<subfield code="z">Spain.</subfield>
</datafield>
<datafield tag="651" ind1=" " ind2="0">
<subfield code="a">Spain</subfield>
<subfield code="v">Biography.</subfield>
</datafield>
<datafield tag="650" ind1=" " ind2="7">
<subfield code="a">Judges.</subfield>
<subfield code="2">fast</subfield>
<subfield code="0">(OCoLC)fst00984490</subfield>
</datafield>
<datafield tag="650" ind1=" " ind2="7">
<subfield code="a">Judges (Islamic law)</subfield>
<subfield code="2">fast</subfield>
<subfield code="0">(OCoLC)fst00984565</subfield>
</datafield>
<datafield tag="651" ind1=" " ind2="7">
<subfield code="a">Spain.</subfield>
<subfield code="2">fast</subfield>
<subfield code="0">(OCoLC)fst01204303</subfield>
</datafield>
<datafield tag="655" ind1=" " ind2="7">
<subfield code="a">Biography.</subfield>
<subfield code="2">fast</subfield>
<subfield code="0">(OCoLC)fst01423686</subfield>
</datafield>
<datafield tag="700" ind1="1" ind2=" ">
<subfield code="a">Lévi-Provençal, Evariste,</subfield>
<subfield code="d">1894-1956.</subfield>
</datafield>
<datafield tag="880" ind1="1" ind2=" ">
<subfield code="6">100-01/</subfield>
<subfield code="a">نباهي، علي بن عبد الله،</subfield>
<subfield code="d">1313 or 1314-</subfield>
</datafield>
<datafield tag="880" ind1="1" ind2="0">
<subfield code="6">245-02/</subfield>
<subfield code="a">تاريخ قضاة الاندلس /</subfield>
<subfield code="c">ألفه ابو الحسن بن عبد الله بن الحسن النباهى الملاقى الأندلسى و سماه كتاب المرقبة العليا فيمن يستحق القضاء والفتيا.</subfield>
</datafield>
<datafield tag="880" ind1="3" ind2="0">
<subfield code="6">246-03/</subfield>
<subfield code="a">كتاب المرقبة العليا فيمن يستحق القضاء والفتيا</subfield>
</datafield>
<datafield tag="880" ind1=" " ind2=" ">
<subfield code="6">260-04/</subfield>
<subfield code="a">القاهرة :</subfield>
<subfield code="b">دار الكاتب المصري،</subfield>
<subfield code="c">1948.</subfield>
</datafield>
<datafield tag="OWN" ind1=" " ind2=" ">
<subfield code="a">GENERAL</subfield>
</datafield>
<datafield tag="AVA" ind1=" " ind2=" ">
<subfield code="a">NYU50</subfield>
<subfield code="b">BOBST</subfield>
<subfield code="c">Main Collection</subfield>
<subfield code="d">JN8123 .N8</subfield>
<subfield code="e">unavailable</subfield>
<subfield code="t">Unavailable</subfield>
<subfield code="f">1</subfield>
<subfield code="g">1</subfield>
<subfield code="h">N</subfield>
<subfield code="i">0</subfield>
<subfield code="j">MAIN</subfield>
<subfield code="k">0</subfield>
</datafield>
</record>
